<?xml version="1.0" encoding="UTF-8"?><collection xmlns="http://www.loc.gov/MARC21/slim"><record><leader>00427nam--2200145-i-4500</leader><controlfield tag="001">000022800</controlfield><controlfield tag="002">20161230</controlfield><controlfield tag="005">20161230201034</controlfield><controlfield tag="008">060222s1000------------r-----000-0-eng-d</controlfield><datafield ind1=" " ind2=" " tag="080"><subfield code="a">621.039.543.4</subfield></datafield><datafield ind1=" " ind2=" " tag="100"><subfield code="a">Holden, A.N</subfield></datafield><datafield ind1=" " ind2=" " tag="245"><subfield code="a">Dispersion fuel elements. an aec monograph</subfield></datafield><datafield ind1=" " ind2=" " tag="260"><subfield code="a">New York, Gordon And Breach Sci.Publ., 1967, X + 255p</subfield></datafield><datafield ind1=" " ind2=" " tag="490"><subfield code="a">Monograph Series On Metallurgy In Nuclear Technology</subfield></datafield><datafield ind1=" " ind2=" " tag="852"><subfield code="a">28579</subfield></datafield></record></collection>